@incollection{bartlett2003short,
  title={A short history of the polymerase chain reaction},
  author={Bartlett, John MS and Stirling, David},
  booktitle={PCR protocols},
  pages={3--6},
  year={2003},
  publisher={Springer}
}
@article{batzer2002alu,
  title={Alu repeats and human genomic diversity},
  author={Batzer, Mark A and Deininger, Prescott L},
  journal={Nature Reviews Genetics},
  volume={3},
  number={5},
  pages={370--379},
  year={2002},
  publisher={Nature Publishing Group}
}